<?xml version="1.0" encoding="UTF-8"?><collection xmlns="http://www.loc.gov/MARC21/slim"><record><leader>00712nam--2200193-i-4500</leader><controlfield tag="001">000015793</controlfield><controlfield tag="002">20161230</controlfield><controlfield tag="005">20161230201031</controlfield><controlfield tag="008">060222s1000------------r-----000-0-rum-d</controlfield><datafield ind1=" " ind2=" " tag="040"><subfield code="a">IFIN-HH</subfield></datafield><datafield ind1=" " ind2=" " tag="041"><subfield code="a">rum</subfield></datafield><datafield ind1=" " ind2=" " tag="080"><subfield code="a">539.23(043)</subfield></datafield><datafield ind1="1" ind2=" " tag="100"><subfield code="a">Dinca, Gabriel Gheorghe</subfield></datafield><datafield ind1="1" ind2="0" tag="245"><subfield code="a">Metode experimentale de analiza si modificari ale proprietatilor suprafetelor solide bazate pe utilizarea fasciculelor de ioni. proprietatile straturilor subtiri de nichel implantate ionic</subfield><subfield code="b">Teza</subfield><subfield code="c">Gabriel gheorghe dinca</subfield></datafield><datafield ind1=" " ind2=" " tag="260"><subfield code="a">Bucuresti</subfield><subfield code="b">Institutul Central De Fizica</subfield><subfield code="c">1987</subfield></datafield><datafield ind1=" " ind2=" " tag="300"><subfield code="a">119P.+50 FIG</subfield></datafield><datafield ind1=" " ind2=" " tag="502"><subfield code="a">Conducator Stiintific: Dr. Nicolae Vilcov</subfield></datafield><datafield ind1=" " ind2=" " tag="852"><subfield code="a">73718</subfield><subfield code="c">539.2</subfield></datafield><datafield ind1=" " ind2=" " tag="CAT"><subfield code="a">Sys</subfield><subfield code="c">20121108</subfield><subfield code="h">163440</subfield></datafield></record></collection>